@book{rn2022aima,
  title = {Artificial Intelligence: A Modern Approach (4th Edition)},
  author = {Stuart J. Russell and Peter Norvig},
  year = {2022},
  url = {https://aima.cs.berkeley.edu/global-index.html},
  publisher = {Pearson},
  isbn = {9781292401133},
}